<record><leader>00000cas a22000007a 4500</leader><controlfield tag="001">11285317</controlfield><controlfield tag="008">841019c19349999couwr ne      0    0eng d</controlfield><datafield ind1=" " ind2=" " tag="010"><subfield code="a">sn 84027585 </subfield></datafield><datafield ind1=" " ind2=" " tag="040"><subfield code="a">NPU</subfield><subfield code="b">eng</subfield><subfield code="c">NPU</subfield><subfield code="d">CNQ</subfield><subfield code="d">NST</subfield><subfield code="d">CRL</subfield><subfield code="d">OCLCQ</subfield></datafield><datafield ind1=" " ind2=" " tag="012"><subfield code="i">9211</subfield></datafield><datafield ind1=" " ind2=" " tag="042"><subfield code="a">msc</subfield></datafield><datafield ind1="0" ind2="4" tag="245"><subfield code="a">The Silverton standard and the miner.</subfield></datafield><datafield ind1="1" ind2="3" tag="246"><subfield code="a">Silverton standard</subfield></datafield><datafield ind1=" " ind2=" " tag="260"><subfield code="a">Silverton, Colo. :</subfield><subfield code="b">E.A. Hillman</subfield></datafield><datafield ind1=" " ind2=" " tag="300"><subfield code="a">v.</subfield></datafield><datafield ind1=" " ind2=" " tag="310"><subfield code="a">Weekly</subfield></datafield><datafield ind1="0" ind2=" " tag="362"><subfield code="a">Vol. 45, no. 22 (Mar. 31, 1934)-</subfield></datafield><datafield ind1=" " ind2=" " tag="530"><subfield code="a">Available on microfilm from the Colorado Historical Society.</subfield></datafield><datafield ind1=" " ind2=" " tag="752"><subfield code="a">United States</subfield><subfield code="b">Colorado</subfield><subfield code="c">San Juan</subfield><subfield code="d">Silverton.</subfield></datafield><datafield ind1="0" ind2="0" tag="780"><subfield code="t">Silverton standard</subfield><subfield code="w">(DLC)sn 82014446</subfield><subfield code="w">(OCoLC)8786537</subfield></datafield><datafield ind1=" " ind2=" " tag="850"><subfield code="a">CoU</subfield></datafield></record>